
<marc:record><marc:leader>03155nam a22003978i 4500</marc:leader>
<marc:controlfield tag="005">20171214164420.0</marc:controlfield>
<marc:controlfield tag="006">m     o  d        </marc:controlfield><marc:controlfield tag="007">cr unu||||||||</marc:controlfield><marc:controlfield tag="008">160303s2016    miu     oe    001 0 eng d</marc:controlfield><marc:datafield tag="010" ind1=" " ind2=" "><marc:subfield code="a">2016010862</marc:subfield></marc:datafield><marc:datafield tag="020" ind1=" " ind2=" "><marc:subfield code="a">9780472053179</marc:subfield><marc:subfield code="q">(pbk. : alk. paper)</marc:subfield></marc:datafield><marc:datafield tag="020" ind1=" " ind2=" "><marc:subfield code="a">9780472073177</marc:subfield><marc:subfield code="q">(hardcover : alk. paper)</marc:subfield></marc:datafield><marc:datafield tag="020" ind1=" " ind2=" "><marc:subfield code="a">9780472122134</marc:subfield><marc:subfield code="q">(e-book)</marc:subfield></marc:datafield><marc:datafield tag="024" ind1="7" ind2=" "><marc:subfield code="a">10.3998/mpub.8833121</marc:subfield></marc:datafield><marc:datafield tag="040" ind1=" " ind2=" "><marc:subfield code="a">MiU</marc:subfield><marc:subfield code="b">eng</marc:subfield><marc:subfield code="c">MiU</marc:subfield></marc:datafield><marc:datafield tag="050" ind1="0" ind2="0"><marc:subfield code="a">PN5450</marc:subfield><marc:subfield code="b">.A3795 2016</marc:subfield></marc:datafield><marc:datafield tag="082" ind1="0" ind2="4"><marc:subfield code="a">079.60904</marc:subfield><marc:subfield code="2">23</marc:subfield></marc:datafield><marc:datafield tag="110" ind1="2" ind2=" "><marc:subfield code="a">African Print Cultures Network.</marc:subfield><marc:subfield code="b">Meeting</marc:subfield><marc:subfield code="d">(2013 :</marc:subfield><marc:subfield code="c">Birmingham, England)</marc:subfield></marc:datafield><marc:datafield tag="245" ind1="1" ind2="0"><marc:subfield code="a">African print cultures :</marc:subfield><marc:subfield code="b">newspapers and their publics in the twentieth century /</marc:subfield><marc:subfield code="c">edited by Derek R. Peterson, Emma Hunter, and Stephanie Newell.</marc:subfield></marc:datafield><marc:datafield tag="264" ind1=" " ind2="1"><marc:subfield code="a">Ann Arbor :</marc:subfield><marc:subfield code="b">University of Michigan Press,</marc:subfield><marc:subfield code="c">2016.</marc:subfield></marc:datafield><marc:datafield tag="300" ind1=" " ind2=" "><marc:subfield code="a">1 online resource</marc:subfield></marc:datafield><marc:datafield tag="336" ind1=" " ind2=" "><marc:subfield code="a">text</marc:subfield><marc:subfield code="b">txt</marc:subfield><marc:subfield code="2">rdacontent</marc:subfield></marc:datafield><marc:datafield tag="337" ind1=" " ind2=" "><marc:subfield code="a">computer</marc:subfield><marc:subfield code="b">c</marc:subfield><marc:subfield code="2">rdamedia</marc:subfield></marc:datafield><marc:datafield tag="338" ind1=" " ind2=" "><marc:subfield code="a">online resource</marc:subfield><marc:subfield code="b">cr</marc:subfield><marc:subfield code="2">rdacarrier</marc:subfield></marc:datafield><marc:datafield tag="500" ind1=" " ind2=" "><marc:subfield code="a">Papers presented at the 2013 meeting of the African Print Cultures Network, held July 2013 at the University of Birmingham, England.</marc:subfield></marc:datafield><marc:datafield tag="504" ind1=" " ind2=" "><marc:subfield code="a">Includes bibliographical references and index.</marc:subfield></marc:datafield><marc:datafield tag="505" ind1="0" ind2=" "><marc:subfield code="a">Print culture in colonial Africa / Derek R. Peterson and Emma Hunter -- Transatlantic passages : black identity construction in West African and West Indian newspapers, 1935-1950 / Leslie James -- Creole pioneers in the Nigerian provincial press / David Pratten -- The sociability of print : 1920s and 1930s Lagos newspaper travel writing / Rebecca Jones -- Colonial modernity and tradition : Herbert Macaulay, the newspaper press, and the (re)production of engaged publics in colonial Lagos / Wale Adebanwi -- Experiments with genre in Yoruba newspapers of the 1920s / Karin Barber -- Everyday poetry from Tanzania : microcosm of the newspaper genre / Kelly Askew -- Private entertainment magazines and popular literature production in socialist Tanzania / Uta Reuster-Jahn -- &quot;True to life&quot; : illuminating the processes and modes of Yoruba photoplays / Olubukola A. Gbadegesin -- Komkya and the convening of a Chagga public, 1953-1961 / Emma Hunter -- Making constituency in the province : the Osumare Egba (1935-1937) and the agenda of Ab'okuta modernization / Oluwatoyin Babatunde Oduntan -- &quot;I will decide who will speak&quot; : street parliaments and the newspaper ecology in Eldoret's Kamukunji / Duncan Omanga -- The afterlife of words : Magema Fuze, bilingual print journalism, and the making of a self-archive / Hlonipha Mokoena -- From corpse to corpus : the printing of death in colonial West Africa / Stephanie Newell -- Afterword / Stephanie Newell.</marc:subfield></marc:datafield><marc:datafield tag="588" ind1=" " ind2=" "><marc:subfield code="a">Description based on information from the publisher.</marc:subfield></marc:datafield><marc:datafield tag="650" ind1=" " ind2="0"><marc:subfield code="a">African newspapers</marc:subfield><marc:subfield code="x">History</marc:subfield><marc:subfield code="y">20th century.</marc:subfield></marc:datafield><marc:datafield tag="650" ind1=" " ind2="0"><marc:subfield code="a">Newspaper reading</marc:subfield><marc:subfield code="x">Social aspects</marc:subfield><marc:subfield code="z">Africa.</marc:subfield></marc:datafield><marc:datafield tag="655" ind1=" " ind2="4"><marc:subfield code="a">Electronic books.</marc:subfield></marc:datafield><marc:datafield tag="700" ind1="1" ind2=" "><marc:subfield code="a">Peterson, Derek R.,</marc:subfield><marc:subfield code="d">1971-</marc:subfield></marc:datafield><marc:datafield tag="700" ind1="1" ind2=" "><marc:subfield code="a">Hunter, Emma,</marc:subfield><marc:subfield code="d">1980-</marc:subfield></marc:datafield><marc:datafield tag="700" ind1="1" ind2=" "><marc:subfield code="a">Newell, Stephanie,</marc:subfield><marc:subfield code="d">1968-</marc:subfield></marc:datafield><marc:datafield tag="710" ind1="2" ind2=" "><marc:subfield code="a">Michigan Publishing (University of Michigan)</marc:subfield><marc:subfield code="e">publisher.</marc:subfield></marc:datafield><marc:datafield tag="856" ind1="4" ind2="0"><marc:subfield code="z">Access to the Michigan Publishing online version:</marc:subfield><marc:subfield code="u">https://doi.org/10.3998/mpub.8833121</marc:subfield></marc:datafield></marc:record>