
<marc:record><marc:leader>02866cam a2200397 i 4500</marc:leader>
<marc:controlfield tag="005">20180712190556.0</marc:controlfield>
<marc:controlfield tag="006">m     o  d        </marc:controlfield><marc:controlfield tag="007">cr unu||||||||</marc:controlfield><marc:controlfield tag="008">160328s2016    miuab   ob   s001 0 eng d</marc:controlfield><marc:datafield tag="010" ind1=" " ind2=" "><marc:subfield code="a">2015050584</marc:subfield></marc:datafield><marc:datafield tag="020" ind1=" " ind2=" "><marc:subfield code="a">9780472118601</marc:subfield><marc:subfield code="q">(hardcover : acid-free paper)</marc:subfield></marc:datafield><marc:datafield tag="020" ind1=" " ind2=" "><marc:subfield code="a">9780472121625</marc:subfield><marc:subfield code="q">(ebook)</marc:subfield></marc:datafield><marc:datafield tag="024" ind1="7" ind2=" "><marc:subfield code="a">10.3998/mpub.5231211</marc:subfield></marc:datafield><marc:datafield tag="040" ind1=" " ind2=" "><marc:subfield code="a">MiU</marc:subfield><marc:subfield code="b">eng</marc:subfield><marc:subfield code="c">MiU</marc:subfield></marc:datafield><marc:datafield tag="043" ind1=" " ind2=" "><marc:subfield code="a">e-fr---</marc:subfield></marc:datafield><marc:datafield tag="050" ind1="0" ind2="0"><marc:subfield code="a">DS135.F83</marc:subfield><marc:subfield code="b">S4413 2016</marc:subfield></marc:datafield><marc:datafield tag="082" ind1="0" ind2="0"><marc:subfield code="a">940.53/180944</marc:subfield><marc:subfield code="2">23</marc:subfield></marc:datafield><marc:datafield tag="100" ind1="1" ind2=" "><marc:subfield code="a">Seibel, Wolfgang,</marc:subfield><marc:subfield code="d">1953-</marc:subfield></marc:datafield><marc:datafield tag="240" ind1="1" ind2="0"><marc:subfield code="a">Macht und Moral.</marc:subfield><marc:subfield code="l">English</marc:subfield></marc:datafield><marc:datafield tag="245" ind1="1" ind2="0"><marc:subfield code="a">Persecution and Rescue :</marc:subfield><marc:subfield code="b">the politics of the &quot;Final Solution&quot; in France, 1940-1944 /</marc:subfield><marc:subfield code="c">Wolfgang Seibel ; translated by Ciaran Cronin.</marc:subfield></marc:datafield><marc:datafield tag="264" ind1=" " ind2="1"><marc:subfield code="a">Ann Arbor :</marc:subfield><marc:subfield code="b">University of Michigan Press,</marc:subfield><marc:subfield code="c">[2016]</marc:subfield></marc:datafield><marc:datafield tag="300" ind1=" " ind2=" "><marc:subfield code="a">1 online resource</marc:subfield></marc:datafield><marc:datafield tag="336" ind1=" " ind2=" "><marc:subfield code="a">text</marc:subfield><marc:subfield code="b">txt</marc:subfield><marc:subfield code="2">rdacontent</marc:subfield></marc:datafield><marc:datafield tag="337" ind1=" " ind2=" "><marc:subfield code="a">computer</marc:subfield><marc:subfield code="b">c</marc:subfield><marc:subfield code="2">rdamedia</marc:subfield></marc:datafield><marc:datafield tag="338" ind1=" " ind2=" "><marc:subfield code="a">online resource</marc:subfield><marc:subfield code="b">cr</marc:subfield><marc:subfield code="2">rdacarrier</marc:subfield></marc:datafield><marc:datafield tag="504" ind1=" " ind2=" "><marc:subfield code="a">Includes bibliographical references (pages 393-411) and index.</marc:subfield></marc:datafield><marc:datafield tag="505" ind1="0" ind2=" "><marc:subfield code="a">Introduction: Power, Power Sharing, and Mass Crimes -- Part I: Power-Sharing Occupation Administration and Persecution of the Jews -- German Occupation and the Persecution of the Jews in Western Europe, 1940-1944 -- The German Occupation Administration in France after the Armistice of 22 June 1940 -- The French Government and Administration and the &quot;Collaboration&quot; -- Establishing a Machinery of Persecution -- Part II: The SS as Political Actor -- The SS in the Power Struggle with the Wehrmacht Administration, 1941/1942 -- Sectoral Balance of Power and State Collaboration in the Persecution of the Jews : the Oberg-Bousquet Agreement of August 1942 -- Part III: Erosion of Power and the Emergence of Resistance -- The Protest of the Christian Churches and the Suspension of Eichmann's Deportation Plan -- Another Attempt : the Project of a Denaturalization Law -- Italy's Stance and Its Repercussions for the Persecution Measures against the Jews in France -- Part IV: Strategic Occupation Policy and the &quot;Final Solution to the Jewish Question&quot; -- Safeguarding the Collaboration at the Expense of the &quot;Final Solution&quot; -- The Failure of the Denaturalization Law -- &quot;Wild&quot; Persecution of Jews -- Conclusion: Negotiated Mass Crime and the Power of Morality -- Short Biographies of the Key Actors.</marc:subfield></marc:datafield><marc:datafield tag="588" ind1=" " ind2=" "><marc:subfield code="a">Description based on information from the publisher.</marc:subfield></marc:datafield><marc:datafield tag="650" ind1=" " ind2="0"><marc:subfield code="a">Jews</marc:subfield><marc:subfield code="x">Persecutions</marc:subfield><marc:subfield code="z">France</marc:subfield><marc:subfield code="x">History</marc:subfield><marc:subfield code="y">20th century.</marc:subfield></marc:datafield><marc:datafield tag="650" ind1=" " ind2="0"><marc:subfield code="a">Holocaust, Jewish (1939-1945)</marc:subfield><marc:subfield code="z">France.</marc:subfield></marc:datafield><marc:datafield tag="651" ind1=" " ind2="0"><marc:subfield code="a">France</marc:subfield><marc:subfield code="x">History</marc:subfield><marc:subfield code="y">German occupation, 1940-1945.</marc:subfield></marc:datafield><marc:datafield tag="651" ind1=" " ind2="0"><marc:subfield code="a">France</marc:subfield><marc:subfield code="x">Politics and government</marc:subfield><marc:subfield code="y">1940-1945.</marc:subfield></marc:datafield><marc:datafield tag="655" ind1=" " ind2="4"><marc:subfield code="a">Electronic books.</marc:subfield></marc:datafield><marc:datafield tag="700" ind1="1" ind2=" "><marc:subfield code="a">Cronin, Ciaran.</marc:subfield></marc:datafield><marc:datafield tag="710" ind1="2" ind2=" "><marc:subfield code="a">Michigan Publishing (University of Michigan)</marc:subfield><marc:subfield code="e">publisher.</marc:subfield></marc:datafield><marc:datafield tag="856" ind1="4" ind2="0"><marc:subfield code="z">Access to the Michigan Publishing online version:</marc:subfield><marc:subfield code="u">https://doi.org/10.3998/mpub.5231211</marc:subfield></marc:datafield></marc:record>