
<marc:record><marc:leader>03396nam a2200385 i 4500</marc:leader>
<marc:controlfield tag="005">20161101000000.0</marc:controlfield>
<marc:controlfield tag="006">m     o  d        </marc:controlfield><marc:controlfield tag="007">cr unu||||||||</marc:controlfield><marc:controlfield tag="008">141117s2016    miu     ob    001 0 eng d</marc:controlfield><marc:datafield tag="010" ind1=" " ind2=" "><marc:subfield code="a">2014044023</marc:subfield></marc:datafield><marc:datafield tag="020" ind1=" " ind2=" "><marc:subfield code="a">9780472119424</marc:subfield><marc:subfield code="q">(cloth : alk. paper)</marc:subfield></marc:datafield><marc:datafield tag="024" ind1="7" ind2=" "><marc:subfield code="a">10.3998/mpub.6511537</marc:subfield></marc:datafield><marc:datafield tag="040" ind1=" " ind2=" "><marc:subfield code="a">MiU</marc:subfield><marc:subfield code="b">eng</marc:subfield><marc:subfield code="c">MiU</marc:subfield></marc:datafield><marc:datafield tag="043" ind1=" " ind2=" "><marc:subfield code="a">e-gr---</marc:subfield></marc:datafield><marc:datafield tag="050" ind1="0" ind2="0"><marc:subfield code="a">KL4378</marc:subfield><marc:subfield code="b">.B83 2016</marc:subfield></marc:datafield><marc:datafield tag="082" ind1="0" ind2="0"><marc:subfield code="a">938/.5</marc:subfield><marc:subfield code="2">23</marc:subfield></marc:datafield><marc:datafield tag="100" ind1="1" ind2=" "><marc:subfield code="a">Bubelis, William Stanley.</marc:subfield></marc:datafield><marc:datafield tag="245" ind1="1" ind2="0"><marc:subfield code="a">Hallowed stewards :</marc:subfield><marc:subfield code="b">Solon and the sacred treasurers of ancient Athens /</marc:subfield><marc:subfield code="c">William S. Bubelis.</marc:subfield></marc:datafield><marc:datafield tag="264" ind1=" " ind2="1"><marc:subfield code="a">Ann Arbor :</marc:subfield><marc:subfield code="b">University of Michigan Press,</marc:subfield><marc:subfield code="c">[2016]</marc:subfield></marc:datafield><marc:datafield tag="300" ind1=" " ind2=" "><marc:subfield code="a">1 online resource</marc:subfield></marc:datafield><marc:datafield tag="336" ind1=" " ind2=" "><marc:subfield code="a">text</marc:subfield><marc:subfield code="b">txt</marc:subfield><marc:subfield code="2">rdacontent</marc:subfield></marc:datafield><marc:datafield tag="337" ind1=" " ind2=" "><marc:subfield code="a">computer</marc:subfield><marc:subfield code="b">c</marc:subfield><marc:subfield code="2">rdamedia</marc:subfield></marc:datafield><marc:datafield tag="338" ind1=" " ind2=" "><marc:subfield code="a">online resource</marc:subfield><marc:subfield code="b">cr</marc:subfield><marc:subfield code="2">rdacarrier</marc:subfield></marc:datafield><marc:datafield tag="490" ind1="1" ind2=" "><marc:subfield code="a">Societas : historical studies in classical culture</marc:subfield></marc:datafield><marc:datafield tag="504" ind1=" " ind2=" "><marc:subfield code="a">Includes bibliographical references (pages 231-246) and indexes.</marc:subfield></marc:datafield><marc:datafield tag="505" ind1="0" ind2=" "><marc:subfield code="a">Solon's Law on the Tamiai -- The Solonian Calendar and Solon's Other Laws -- The Politics of Being a Sacred Treasurer in Archaic Athens -- The Tamiai of Athena and Their Duties -- Athena's Property and Hiera Wealth -- Hosia Property and the Public Treasury -- Sacred Property in the Democracy -- Conclusions.</marc:subfield></marc:datafield><marc:datafield tag="520" ind1=" " ind2=" "><marc:subfield code="a">&quot;Students of ancient Athenian politics, governance, and religion have long stumbled over the rich evidence of inscriptions and literary texts that document the Athenians' stewardship of the wealth of the gods. Likewise, Athens was well known for devoting public energy and funds to all matters of ritual, ranging from the building of temples to major religious sacrifices. Yet, lacking any adequate account of how the Athenians organized that commitment, much less how it arose and developed, ancient historians and philologists alike have labored with only a paltry understanding of what was a central concern to the Athenians themselves. That deficit of knowledge, in turn, has constrained and diminished our grasp of other essential questions surrounding Athenian society and its history, such as the nature of political life in archaic Athens, and the forces underlying Athens' imperial finances. Hallowed Stewards closely examines those magistracies that were central to Athenian religious efforts, and which are best described as &quot;sacred treasurers.&quot; Given the extensive but nevertheless fragmentary evidence now available to us, no catalog-like approach to these offices could properly encompass their details much less their wider historical significance. Inscriptions and oratory provide the bulk of the evidence for this project, along with the so-called Constitution of Athens attributed to Aristotle. Hallowed Stewards not only provides a wealth of detail concerning these hitherto badly understood offices, but also the larger diachronic framework within which they operated&quot;--</marc:subfield><marc:subfield code="c">Provided by publisher.</marc:subfield></marc:datafield><marc:datafield tag="588" ind1=" " ind2=" "><marc:subfield code="a">Description based on information from the publisher.</marc:subfield></marc:datafield><marc:datafield tag="650" ind1=" " ind2="0"><marc:subfield code="a">Finance, Public (Greek law)</marc:subfield></marc:datafield><marc:datafield tag="650" ind1=" " ind2="0"><marc:subfield code="a">Temples</marc:subfield><marc:subfield code="x">Economic aspects</marc:subfield><marc:subfield code="z">Greece</marc:subfield><marc:subfield code="x">History</marc:subfield><marc:subfield code="y">To 1500.</marc:subfield></marc:datafield><marc:datafield tag="650" ind1=" " ind2="0"><marc:subfield code="a">Constitutional history</marc:subfield><marc:subfield code="z">Greece</marc:subfield><marc:subfield code="z">Athens</marc:subfield><marc:subfield code="y">To 146 B.C.</marc:subfield></marc:datafield><marc:datafield tag="655" ind1=" " ind2="4"><marc:subfield code="a">Electronic books.</marc:subfield></marc:datafield><marc:datafield tag="710" ind1="2" ind2=" "><marc:subfield code="a">Michigan Publishing (University of Michigan)</marc:subfield><marc:subfield code="e">publisher.</marc:subfield></marc:datafield><marc:datafield tag="830" ind1=" " ind2="0"><marc:subfield code="a">Societas (University of Michigan. Press)</marc:subfield></marc:datafield><marc:datafield tag="856" ind1="4" ind2="0"><marc:subfield code="z">Access to the Michigan Publishing online version:</marc:subfield><marc:subfield code="u">https://doi.org/10.3998/mpub.6511537</marc:subfield></marc:datafield></marc:record>