
<marc:record><marc:leader>04599cam a2200457 i 4500</marc:leader>
<marc:controlfield tag="005">20171124124847.0</marc:controlfield>
<marc:controlfield tag="006">m     o  d        </marc:controlfield><marc:controlfield tag="007">cr unu||||||||</marc:controlfield><marc:controlfield tag="008">160427s2016    miuab   ob   s001 0 eng d</marc:controlfield><marc:datafield tag="010" ind1=" " ind2=" "><marc:subfield code="a">2016019930</marc:subfield></marc:datafield><marc:datafield tag="020" ind1=" " ind2=" "><marc:subfield code="a">9780472119882</marc:subfield><marc:subfield code="q">(hardcover : acid-free paper)</marc:subfield></marc:datafield><marc:datafield tag="020" ind1=" " ind2=" "><marc:subfield code="a">9780472121939</marc:subfield><marc:subfield code="q">(e-book)</marc:subfield></marc:datafield><marc:datafield tag="024" ind1="7" ind2=" "><marc:subfield code="a">10.3998/mpub.8565032</marc:subfield></marc:datafield><marc:datafield tag="040" ind1=" " ind2=" "><marc:subfield code="a">MiU</marc:subfield><marc:subfield code="b">eng</marc:subfield><marc:subfield code="c">MiU</marc:subfield></marc:datafield><marc:datafield tag="043" ind1=" " ind2=" "><marc:subfield code="a">e-it---</marc:subfield><marc:subfield code="a">e------</marc:subfield></marc:datafield><marc:datafield tag="050" ind1="0" ind2="0"><marc:subfield code="a">DG66</marc:subfield><marc:subfield code="b">.M54 2016</marc:subfield></marc:datafield><marc:datafield tag="082" ind1="0" ind2="0"><marc:subfield code="a">937/.63</marc:subfield><marc:subfield code="2">23</marc:subfield></marc:datafield><marc:datafield tag="100" ind1="1" ind2=" "><marc:subfield code="a">Mignone, Lisa.</marc:subfield></marc:datafield><marc:datafield tag="245" ind1="1" ind2="4"><marc:subfield code="a">The Republican Aventine and Rome's social order /</marc:subfield><marc:subfield code="c">Lisa Marie Mignone.</marc:subfield></marc:datafield><marc:datafield tag="264" ind1=" " ind2="1"><marc:subfield code="a">Ann Arbor :</marc:subfield><marc:subfield code="b">University of Michigan Press,</marc:subfield><marc:subfield code="c">[2016]</marc:subfield></marc:datafield><marc:datafield tag="300" ind1=" " ind2=" "><marc:subfield code="a">1 online resource</marc:subfield></marc:datafield><marc:datafield tag="336" ind1=" " ind2=" "><marc:subfield code="a">text</marc:subfield><marc:subfield code="b">txt</marc:subfield><marc:subfield code="2">rdacontent</marc:subfield></marc:datafield><marc:datafield tag="337" ind1=" " ind2=" "><marc:subfield code="a">computer</marc:subfield><marc:subfield code="b">c</marc:subfield><marc:subfield code="2">rdamedia</marc:subfield></marc:datafield><marc:datafield tag="338" ind1=" " ind2=" "><marc:subfield code="a">online resource</marc:subfield><marc:subfield code="b">cr</marc:subfield><marc:subfield code="2">rdacarrier</marc:subfield></marc:datafield><marc:datafield tag="504" ind1=" " ind2=" "><marc:subfield code="a">Includes bibliographical references (pages 215-235) and index.</marc:subfield></marc:datafield><marc:datafield tag="505" ind1="0" ind2=" "><marc:subfield code="a">Introduction: The Republican Aventine, the Plebeian District Par Excellence? -- Aventine Withdrawal : Geographies of Secession -- Land Confiscation on the Aventine : Ager Publicus and the Lex Icilia de Aventino Publicando -- The Aventine's Development and Residents : Non Alter Populus -- The Aventine's Residents in the Archaeological Record : Promisce Urbs Aedificata -- Zoning Rome's Residents -- Conclusion: &quot;Plebs Habitat Diversa Locis&quot; -- Epilogue: Modern Secessions of Conscience--Constructing the Plebeian Aventine -- Appendix 1: Ceres, the So-Called Aventine Triad, and the Case of Mistaken Geography -- Appendix 2: The Authenticity of Dionysius' Archaic Bronze Stele and Its Contents.</marc:subfield></marc:datafield><marc:datafield tag="520" ind1="2" ind2=" "><marc:subfield code="a">&quot;The Republican Aventine and Rome's Social Order is about one hill in particular, the Aventine, and its segregation from and integration into the residential fabric of Rome. My chronological focus is the Roman Republic, with studies peering into the Augustan principate. Throughout the text, all dates are BCE unless otherwise noted, and the title's reference to Roman social order reflects this monograph's twin themes: the plebs and urban stability. First, this book destabilizes the long-standing scholarly tradition that the Aventine was the citadel and headquarters for Rome's politically vibrant plebs. Second, it demonstrates that the development of the Aventine as a region mirrors the overall evolution of the urbs. The caput mundi was characterized by an extraordinary degree of socioeconomic integration, and the book concludes by proposing that this transurban heterogeneity may have contributed to the city's relative tranquility up until the final decades of the republic. This book aims to offer a deeply textured reconstruction of the Aventine as a literary and conceptual construct, on the one hand, and as a physical space, on the other. The city map is intentionally blank. Though we know which monuments stood on the Aventine in the Republic, we do not know where they stood. The ruins that have been recovered remain anonymous or assigned amid great conjecture. This book is not a topographical manual or an archaeological survey guide. It does not seek to attach famous figures to known archaeological sites or to assign residents to a map. A flurry of recent and ongoing scholarship has made that sort of work possible. The publication of the Lexicon Topographicum Urbis Romae in particular ensures that Rome's cultural geography will remain a very fertile and dynamic field within classical studies. The contribution of this monograph is that it applies fresh, critical readings to the literary tradition, material culture, and comparative urban studies, to offer a new assessment of one of Rome's canonical hills and to theorize broadly about republican Rome's residential practices&quot;--Preface.</marc:subfield></marc:datafield><marc:datafield tag="588" ind1=" " ind2=" "><marc:subfield code="a">Description based on information from the publisher.</marc:subfield></marc:datafield><marc:datafield tag="650" ind1=" " ind2="0"><marc:subfield code="a">Social classes</marc:subfield><marc:subfield code="z">Italy</marc:subfield><marc:subfield code="z">Rome</marc:subfield><marc:subfield code="x">History</marc:subfield><marc:subfield code="y">To 1500.</marc:subfield></marc:datafield><marc:datafield tag="650" ind1=" " ind2="0"><marc:subfield code="a">City and town life</marc:subfield><marc:subfield code="z">Italy</marc:subfield><marc:subfield code="z">Rome</marc:subfield><marc:subfield code="x">History</marc:subfield><marc:subfield code="y">To 1500.</marc:subfield></marc:datafield><marc:datafield tag="650" ind1=" " ind2="0"><marc:subfield code="a">Dwellings</marc:subfield><marc:subfield code="x">Social aspects</marc:subfield><marc:subfield code="z">Italy</marc:subfield><marc:subfield code="z">Rome</marc:subfield><marc:subfield code="x">History</marc:subfield><marc:subfield code="y">To 1500.</marc:subfield></marc:datafield><marc:datafield tag="650" ind1=" " ind2="0"><marc:subfield code="a">Social integration</marc:subfield><marc:subfield code="z">Italy</marc:subfield><marc:subfield code="z">Rome</marc:subfield><marc:subfield code="x">History</marc:subfield><marc:subfield code="y">To 1500.</marc:subfield></marc:datafield><marc:datafield tag="650" ind1=" " ind2="0"><marc:subfield code="a">Social stability</marc:subfield><marc:subfield code="z">Italy</marc:subfield><marc:subfield code="z">Rome</marc:subfield><marc:subfield code="x">History</marc:subfield><marc:subfield code="y">To 1500.</marc:subfield></marc:datafield><marc:datafield tag="650" ind1=" " ind2="0"><marc:subfield code="a">Human geography</marc:subfield><marc:subfield code="z">Italy</marc:subfield><marc:subfield code="z">Rome</marc:subfield><marc:subfield code="x">History</marc:subfield><marc:subfield code="y">To 1500.</marc:subfield></marc:datafield><marc:datafield tag="651" ind1=" " ind2="0"><marc:subfield code="a">Aventine Hill (Italy)</marc:subfield><marc:subfield code="x">History.</marc:subfield></marc:datafield><marc:datafield tag="651" ind1=" " ind2="0"><marc:subfield code="a">Rome (Italy)</marc:subfield><marc:subfield code="x">Social conditions.</marc:subfield></marc:datafield><marc:datafield tag="651" ind1=" " ind2="0"><marc:subfield code="a">Rome (Italy)</marc:subfield><marc:subfield code="x">History</marc:subfield><marc:subfield code="y">To 476.</marc:subfield></marc:datafield><marc:datafield tag="651" ind1=" " ind2="0"><marc:subfield code="a">Rome</marc:subfield><marc:subfield code="x">History</marc:subfield><marc:subfield code="y">Republic, 510-30 B.C.</marc:subfield></marc:datafield><marc:datafield tag="655" ind1=" " ind2="4"><marc:subfield code="a">Electronic books.</marc:subfield></marc:datafield><marc:datafield tag="710" ind1="2" ind2=" "><marc:subfield code="a">Michigan Publishing (University of Michigan)</marc:subfield><marc:subfield code="e">publisher.</marc:subfield></marc:datafield><marc:datafield tag="856" ind1="4" ind2="0"><marc:subfield code="z">Access to the Michigan Publishing online version:</marc:subfield><marc:subfield code="u">https://doi.org/10.3998/mpub.8565032</marc:subfield></marc:datafield></marc:record>