
<marc:record><marc:leader>06609cam a2200445 i 4500</marc:leader>
<marc:controlfield tag="005">20170911124609.0</marc:controlfield>
<marc:controlfield tag="006">m     o  d        </marc:controlfield><marc:controlfield tag="007">cr unu||||||||</marc:controlfield><marc:controlfield tag="008">160411s2016    miuab   ob   s001 0 eng d</marc:controlfield><marc:datafield tag="010" ind1=" " ind2=" "><marc:subfield code="a">2016010865</marc:subfield></marc:datafield><marc:datafield tag="020" ind1=" " ind2=" "><marc:subfield code="a">9780472119905</marc:subfield><marc:subfield code="q">(hardcover : acid-free paper)</marc:subfield></marc:datafield><marc:datafield tag="020" ind1=" " ind2=" "><marc:subfield code="a">9780472121946</marc:subfield><marc:subfield code="q">(e-book)</marc:subfield></marc:datafield><marc:datafield tag="024" ind1="7" ind2=" "><marc:subfield code="a">10.3998/mpub.8749103</marc:subfield></marc:datafield><marc:datafield tag="040" ind1=" " ind2=" "><marc:subfield code="a">MiU</marc:subfield><marc:subfield code="b">eng</marc:subfield><marc:subfield code="c">MiU</marc:subfield></marc:datafield><marc:datafield tag="043" ind1=" " ind2=" "><marc:subfield code="a">e-pl---</marc:subfield><marc:subfield code="a">e-gx---</marc:subfield></marc:datafield><marc:datafield tag="050" ind1="0" ind2="0"><marc:subfield code="a">DK4780.2</marc:subfield><marc:subfield code="b">.B37 2016</marc:subfield></marc:datafield><marc:datafield tag="082" ind1="0" ind2="0"><marc:subfield code="a">709.438/52</marc:subfield><marc:subfield code="2">23</marc:subfield></marc:datafield><marc:datafield tag="100" ind1="1" ind2=" "><marc:subfield code="a">Barnstone, Deborah Ascher.</marc:subfield></marc:datafield><marc:datafield tag="245" ind1="1" ind2="0"><marc:subfield code="a">Beyond the Bauhaus :</marc:subfield><marc:subfield code="b">cultural modernity in Breslau, 1918-33 /</marc:subfield><marc:subfield code="c">Deborah Ascher Barnstone.</marc:subfield></marc:datafield><marc:datafield tag="264" ind1=" " ind2="1"><marc:subfield code="a">Ann Arbor :</marc:subfield><marc:subfield code="b">University of Michigan Press,</marc:subfield><marc:subfield code="c">[2016]</marc:subfield></marc:datafield><marc:datafield tag="300" ind1=" " ind2=" "><marc:subfield code="a">1 online resource</marc:subfield></marc:datafield><marc:datafield tag="336" ind1=" " ind2=" "><marc:subfield code="a">text</marc:subfield><marc:subfield code="b">txt</marc:subfield><marc:subfield code="2">rdacontent</marc:subfield></marc:datafield><marc:datafield tag="337" ind1=" " ind2=" "><marc:subfield code="a">computer</marc:subfield><marc:subfield code="b">c</marc:subfield><marc:subfield code="2">rdamedia</marc:subfield></marc:datafield><marc:datafield tag="338" ind1=" " ind2=" "><marc:subfield code="a">online resource</marc:subfield><marc:subfield code="b">cr</marc:subfield><marc:subfield code="2">rdacarrier</marc:subfield></marc:datafield><marc:datafield tag="490" ind1="1" ind2=" "><marc:subfield code="a">Social history, popular culture, and politics in Germany</marc:subfield></marc:datafield><marc:datafield tag="504" ind1=" " ind2=" "><marc:subfield code="a">Includes bibliographical references (pages 237-244) and index.</marc:subfield></marc:datafield><marc:datafield tag="505" ind1="0" ind2=" "><marc:subfield code="a">Introduction: Breslau and the culture of the Weimar Republic -- Tradition and modernity : urban planning in Breslau -- Another way to understand modernism : Breslau Wohnung und Werkbund Ausstellung, 1929 -- The Breslau Academy of Fine and Applied Arts -- Dissemination of taste : Breslau collectors, arts associations, and museums -- Between idealism and realism : architecture in Breslau -- A nonideological modernism : Breslau artists in the 1920s -- Epilogue.</marc:subfield></marc:datafield><marc:datafield tag="520" ind1="2" ind2=" "><marc:subfield code="a">&quot;The Breslau arts scene during the Weimar period was one of the most vibrant in all of Germany, yet it has disappeared from memory and historiography. Breslau was a key center for innovative artistic production during the Weimar Republic; recovery of its history will shed new light on German cultural dynamics in the 1920s. Such a study has art historical significance because of the incredible extent of innovation that occurred in almost every intellectual field, advances that formed the basis for aesthetic modernism internationally and continue to affect the course of visual art and architecture today. Architecture education, just one example in many, is still largely based on a combination of the Bauhaus model from the 1920s and the model developed at the Breslau Academy of Fine and Applied Art. The exploratory attitude encouraged in Weimar era arts endeavors, as opposed to the conformism of academic art, is still a core value promoted in contemporary art and architecture circles. Given the long-lasting influence of Weimar culture on modernism one would expect to find a spate of studies examining every aspect of its cultural production, but this is not the case. Recent scholarship is almost exclusively focused on Berlin and the Dessau Bauhaus. Although both interests are understandable, the creative explosion was not confined to these cities but was part of a larger cultural ethos that extended into many of the smaller regional centers. The Expressionist associations the Blaue Reiter in Munich and Brücke in Dresden are two well-known examples. Equally, innovation was not confined to a few monumental projects like the Stuttgart Weissenhofsiedlung but part of a broader national cultural ethos. The dispersion of modernism occurred partly because of the political history of Germany as a loosely joined confederation of small city states and principalities that had strong individual cultural identities before unification in 1871 but also because of the German propensity to value and take intense pride in the Heimat, understood both as the hometown and the region. Heimatliebe translated into generous support for cultural institutions in outlying cities. Host to a roster of internationally acclaimed artists and architects, major collectors, arts organizations, museums, presses, galleries, and one of the premier German arts academies of the day, Breslau boasted a thriving modern arts scene until 1933 when the Nazis began their assault on so-called 'degenerate' art. This book charts the cultural production of Breslau-based artists, architects, art collectors, urban designers, and arts educators, who were especially interesting because they operated in the space between the margins of Weimar-era cultural debates. Rather than accepting the radical position of the German avant-garde or the reactionary position of German conservatives, many Breslauers sought a middle ground. It is the first book in English to address this history and presents the history in a manner unique to any studies currently on the market. Beyond the Bauhaus explores the polyvalent and contradictory nature of cultural production in Breslau in order to expand the cultural and geographic scope of Weimar history; the book asserts a reciprocal dimension to the relationship between regional culture and national culture, between centers like Breslau and the capital Berlin. With major international figures like the painters Otto Mueller and Oskar Moll, architects Hans Scharoun and Adolf Rading, urban planners Max Berg and Ernst May, collectors Ismar Littmann and Max Silberberg, and an art academy that by 1929 was considered the best in Germany, Breslau clearly had significance to narratives of Weimar cultural production. Beyond the Bauhaus contributes the history of German culture during the Weimar Republic. It belongs alongside histories of art, architecture, urban design, exhibition, collecting, and culture; histories of the Bauhaus; histories of arts education more broadly; and German history. The readership would include those interested in German history; German art, architecture, urban design, planning, collecting, and exhibition history; in the avant-garde; the development of arts academies and arts pedagogy; and the history of Breslau and Silesia&quot;--From Google Books.</marc:subfield></marc:datafield><marc:datafield tag="588" ind1=" " ind2=" "><marc:subfield code="a">Description based on information from the publisher.</marc:subfield></marc:datafield><marc:datafield tag="650" ind1=" " ind2="0"><marc:subfield code="a">Modernism (Aesthetics)</marc:subfield><marc:subfield code="z">Poland</marc:subfield><marc:subfield code="z">Wrocław</marc:subfield><marc:subfield code="x">History</marc:subfield><marc:subfield code="y">20th century.</marc:subfield></marc:datafield><marc:datafield tag="650" ind1=" " ind2="0"><marc:subfield code="a">Arts, German</marc:subfield><marc:subfield code="z">Poland</marc:subfield><marc:subfield code="z">Wrocław</marc:subfield><marc:subfield code="x">History</marc:subfield><marc:subfield code="y">20th century.</marc:subfield></marc:datafield><marc:datafield tag="650" ind1=" " ind2="0"><marc:subfield code="a">City and town life</marc:subfield><marc:subfield code="z">Poland</marc:subfield><marc:subfield code="z">Wrocław</marc:subfield><marc:subfield code="x">History</marc:subfield><marc:subfield code="y">20th century.</marc:subfield></marc:datafield><marc:datafield tag="651" ind1=" " ind2="0"><marc:subfield code="a">Wrocław (Poland)</marc:subfield><marc:subfield code="x">Civilization</marc:subfield><marc:subfield code="y">20th century.</marc:subfield></marc:datafield><marc:datafield tag="651" ind1=" " ind2="0"><marc:subfield code="a">Wrocław (Poland)</marc:subfield><marc:subfield code="x">Intellectual life</marc:subfield><marc:subfield code="y">20th century.</marc:subfield></marc:datafield><marc:datafield tag="651" ind1=" " ind2="0"><marc:subfield code="a">Germany</marc:subfield><marc:subfield code="x">Intellectual life</marc:subfield><marc:subfield code="y">20th century.</marc:subfield></marc:datafield><marc:datafield tag="651" ind1=" " ind2="0"><marc:subfield code="a">Germany</marc:subfield><marc:subfield code="x">History</marc:subfield><marc:subfield code="y">1918-1933.</marc:subfield></marc:datafield><marc:datafield tag="655" ind1=" " ind2="4"><marc:subfield code="a">Electronic books.</marc:subfield></marc:datafield><marc:datafield tag="710" ind1="2" ind2=" "><marc:subfield code="a">Michigan Publishing (University of Michigan)</marc:subfield><marc:subfield code="e">publisher.</marc:subfield></marc:datafield><marc:datafield tag="830" ind1=" " ind2="0"><marc:subfield code="a">Social history, popular culture, and politics in Germany.</marc:subfield></marc:datafield><marc:datafield tag="856" ind1="4" ind2="0"><marc:subfield code="z">Access to the Michigan Publishing online version:</marc:subfield><marc:subfield code="u">https://doi.org/10.3998/mpub.8749103</marc:subfield></marc:datafield></marc:record>