
<marc:record><marc:leader>03098nam a2200349 i 4500</marc:leader>
<marc:controlfield tag="005">20161229000000.0</marc:controlfield>
<marc:controlfield tag="006">m     o  d        </marc:controlfield><marc:controlfield tag="007">cr unu||||||||</marc:controlfield><marc:controlfield tag="008">160209s2016    miua    ob    001 0 eng d</marc:controlfield><marc:datafield tag="010" ind1=" " ind2=" "><marc:subfield code="a">2016006531</marc:subfield></marc:datafield><marc:datafield tag="020" ind1=" " ind2=" "><marc:subfield code="a">9780472119912</marc:subfield><marc:subfield code="q">(hardcover : alk. paper)</marc:subfield></marc:datafield><marc:datafield tag="020" ind1=" " ind2=" "><marc:subfield code="a">9780472121953</marc:subfield><marc:subfield code="q">(e-book)</marc:subfield></marc:datafield><marc:datafield tag="024" ind1="7" ind2=" "><marc:subfield code="a">10.3998/mpub.5945898</marc:subfield></marc:datafield><marc:datafield tag="040" ind1=" " ind2=" "><marc:subfield code="a">MiU</marc:subfield><marc:subfield code="b">eng</marc:subfield><marc:subfield code="c">MiU</marc:subfield></marc:datafield><marc:datafield tag="043" ind1=" " ind2=" "><marc:subfield code="a">n-us---</marc:subfield></marc:datafield><marc:datafield tag="050" ind1="0" ind2="0"><marc:subfield code="a">KF8748</marc:subfield><marc:subfield code="b">.C385 2016</marc:subfield></marc:datafield><marc:datafield tag="082" ind1="0" ind2="0"><marc:subfield code="a">347.73/2634</marc:subfield><marc:subfield code="2">23</marc:subfield></marc:datafield><marc:datafield tag="245" ind1="0" ind2="4"><marc:subfield code="a">The Chief Justice :</marc:subfield><marc:subfield code="b">appointment and influence /</marc:subfield><marc:subfield code="c">edited by David J. Danelski and Artemus Ward.</marc:subfield></marc:datafield><marc:datafield tag="264" ind1=" " ind2="1"><marc:subfield code="a">Ann Arbor :</marc:subfield><marc:subfield code="b">University of Michigan Press,</marc:subfield><marc:subfield code="c">[2016]</marc:subfield></marc:datafield><marc:datafield tag="300" ind1=" " ind2=" "><marc:subfield code="a">1 online resource</marc:subfield></marc:datafield><marc:datafield tag="336" ind1=" " ind2=" "><marc:subfield code="a">text</marc:subfield><marc:subfield code="b">txt</marc:subfield><marc:subfield code="2">rdacontent</marc:subfield></marc:datafield><marc:datafield tag="337" ind1=" " ind2=" "><marc:subfield code="a">computer</marc:subfield><marc:subfield code="b">c</marc:subfield><marc:subfield code="2">rdamedia</marc:subfield></marc:datafield><marc:datafield tag="338" ind1=" " ind2=" "><marc:subfield code="a">online resource</marc:subfield><marc:subfield code="b">cr</marc:subfield><marc:subfield code="2">rdacarrier</marc:subfield></marc:datafield><marc:datafield tag="504" ind1=" " ind2=" "><marc:subfield code="a">Includes bibliographical references (pages 417-426) and index.</marc:subfield></marc:datafield><marc:datafield tag="505" ind1="0" ind2=" "><marc:subfield code="a">Introduction / Sheldon Goldman -- The influence of the Chief Justice in the decisional process of the Supreme Court / David J. Danelski -- An exploratory study of opinion assignment by the chief justice revisited / David J. Danelski -- The influence of the Chief Justice in the decisional process of the supreme court revisited : personality and leadership / David J. Danelski -- Selecting the chief : presidential calculation in appointing chief justices / Christine L. Nemacheck -- Confirming chiefs : ideology, opportunity, and the court's center chair / Kevin J. McMahon -- The Chief Justice and oral arguments at the U.S. Supreme Court / Timothy R. Johnson and Charles Gregory -- Forecasting opinion assignment on the U.S. Supreme Court / Paul J. Wahlbeck, Alyx Mark, Ryan Krog, and Phillip J. Wininger -- The Chief Justice and procedural power / Charles M. Cameron and Tom Clark -- Honeymoon on the court : chief justices and consensus building on the Supreme Court / Amy Steigerwalt, Pamela C. Corley, and Artemus Ward -- Genuine leader or merely &quot;first among equals&quot;? : probing the leadership capacity of the Chief Justice / Brandon L. Bartels and Phillip Wininger -- Herding scorpions : the Chief Justice as social leader / Ryan C. Black, Ryan J. Owens, and Justin Wedeking -- Troll-in-chief? : affective opinion content and the influence of the Chief Justice / Douglas Rice and Christopher Zorn -- Statutory interpretation and the Chief Justice : activism or judicial discretion? / Kirk A. Randazzo and Rebecca Reid -- The Chief Justice as administrative leader : explaining agenda size / Richard L. Vining Jr. and Teena Wilhelm -- Be careful with my court : legitimacy, public opinion, and the chief justices / Shawn C. Fettig and Sara C. Benesh -- Epilogue / David J. Danelski and Artemus Ward.</marc:subfield></marc:datafield><marc:datafield tag="588" ind1=" " ind2=" "><marc:subfield code="a">Description based on information from the publisher.</marc:subfield></marc:datafield><marc:datafield tag="610" ind1="1" ind2="0"><marc:subfield code="a">United States.</marc:subfield><marc:subfield code="b">Supreme Court.</marc:subfield></marc:datafield><marc:datafield tag="655" ind1=" " ind2="4"><marc:subfield code="a">Electronic books.</marc:subfield></marc:datafield><marc:datafield tag="700" ind1="1" ind2=" "><marc:subfield code="a">Danelski, David Joseph,</marc:subfield><marc:subfield code="d">1930-</marc:subfield></marc:datafield><marc:datafield tag="700" ind1="1" ind2=" "><marc:subfield code="a">Ward, Artemus,</marc:subfield><marc:subfield code="d">1971-</marc:subfield></marc:datafield><marc:datafield tag="710" ind1="2" ind2=" "><marc:subfield code="a">Michigan Publishing (University of Michigan)</marc:subfield><marc:subfield code="e">publisher.</marc:subfield></marc:datafield><marc:datafield tag="856" ind1="4" ind2="0"><marc:subfield code="z">Access to the Michigan Publishing online version:</marc:subfield><marc:subfield code="u">https://doi.org/10.3998/mpub.5945898</marc:subfield></marc:datafield></marc:record>